<record><leader>00000cas a2200000 a 4500</leader><controlfield tag="001">13686129</controlfield><controlfield tag="008">860604d189u1925okuwr ne      0    0eng d</controlfield><datafield ind1=" " ind2=" " tag="010"><subfield code="a">sn 86064079 </subfield></datafield><datafield ind1=" " ind2=" " tag="040"><subfield code="a">KSH</subfield><subfield code="b">eng</subfield><subfield code="c">KSH</subfield><subfield code="d">NPT</subfield><subfield code="d">PPM</subfield><subfield code="d">OBN</subfield><subfield code="d">OCL</subfield><subfield code="d">OCLCQ</subfield><subfield code="d">OCLCO</subfield></datafield><datafield ind1="1" ind2=" " tag="029"><subfield code="a">AU@</subfield><subfield code="b">000022169531</subfield></datafield><datafield ind1=" " ind2=" " tag="042"><subfield code="a">msc</subfield></datafield><datafield ind1=" " ind2=" " tag="043"><subfield code="a">n-us-ok</subfield></datafield><datafield ind1="0" ind2="4" tag="245"><subfield code="a">The Guymon herald.</subfield></datafield><datafield ind1="3" ind2="0" tag="246"><subfield code="a">Herald</subfield></datafield><datafield ind1=" " ind2=" " tag="260"><subfield code="a">Guymon, Okla. :</subfield><subfield code="b">R.B. Quinn</subfield></datafield><datafield ind1=" " ind2=" " tag="300"><subfield code="a">v.</subfield></datafield><datafield ind1=" " ind2=" " tag="310"><subfield code="a">Weekly</subfield></datafield><datafield ind1="0" ind2=" " tag="362"><subfield code="a">-v. 34, no. 48 (Jan. 22, 1925).</subfield></datafield><datafield ind1=" " ind2=" " tag="588"><subfield code="a">Description based on: Vol. 14, no. 22 (July 21, 1904).</subfield></datafield><datafield ind1=" " ind2="0" tag="651"><subfield code="a">Guymon (Okla.)</subfield><subfield code="v">Newspapers.</subfield></datafield><datafield ind1=" " ind2="0" tag="651"><subfield code="a">Texas County (Okla.)</subfield><subfield code="v">Newspapers.</subfield></datafield><datafield ind1=" " ind2="0" tag="651"><subfield code="a">Beaver County (Okla.)</subfield><subfield code="v">Newspapers.</subfield></datafield><datafield ind1=" " ind2="0" tag="651"><subfield code="a">Oklahoma Territory (Okla.)</subfield><subfield code="v">Newspapers.</subfield></datafield><datafield ind1=" " ind2=" " tag="752"><subfield code="a">United States</subfield><subfield code="b">Oklahoma</subfield><subfield code="c">Texas</subfield><subfield code="d">Guymon.</subfield></datafield><datafield ind1=" " ind2=" " tag="752"><subfield code="a">United States</subfield><subfield code="b">Oklahoma</subfield><subfield code="c">Beaver</subfield><subfield code="d">Guymon.</subfield></datafield><datafield ind1="0" ind2="0" tag="780"><subfield code="t">Hardesty herald</subfield><subfield code="w">(DLC)sn 93066089</subfield><subfield code="w">(OCoLC)28383561</subfield></datafield><datafield ind1="0" ind2="5" tag="780"><subfield code="t">Guymon Democrat</subfield><subfield code="w">(DLC)sn 93066091</subfield><subfield code="w">(OCoLC)28383678</subfield></datafield><datafield ind1="0" ind2="5" tag="780"><subfield code="t">Goodwell news</subfield><subfield code="w">(DLC)sn 93066101</subfield><subfield code="w">(OCoLC)28390231</subfield></datafield><datafield ind1="0" ind2="5" tag="780"><subfield code="t">Goodwell independent</subfield><subfield code="w">(DLC)sn 93066229</subfield><subfield code="w">(OCoLC)29336013</subfield></datafield></record>